<?xml version="1.0" encoding="UTF-8"?><record xmlns="http://www.loc.gov/MARC21/slim" xmlns:cinclude="http://apache.org/cocoon/include/1.0" xmlns:zs="http://www.loc.gov/zing/srw/">
  <leader>00405cz  a2200133n  4500</leader>
  <controlfield tag="001">n 2001006438</controlfield>
  <controlfield tag="003">DLC</controlfield>
  <controlfield tag="005">20020621083353.0</controlfield>
  <controlfield tag="008">011204n| acannaabn          |n aaa      </controlfield>
  <datafield tag="010" ind1=" " ind2=" ">
    <subfield code="a">n 2001006438</subfield>
  </datafield>
  <datafield tag="040" ind1=" " ind2=" ">
    <subfield code="a">DLC</subfield>
    <subfield code="b">eng</subfield>
    <subfield code="c">DLC</subfield>
    <subfield code="d">DLC</subfield>
  </datafield>
  <datafield tag="100" ind1="1" ind2=" ">
    <subfield code="a">Pirazzoli, Giacomo</subfield>
  </datafield>
  <datafield tag="670" ind1=" " ind2=" ">
    <subfield code="a">Le Corbusier a La Tourette, 2000:</subfield>
    <subfield code="b">t.p. (Giacomo Pirazzoli)</subfield>
  </datafield>
  <datafield tag="670" ind1=" " ind2=" ">
    <subfield code="a">L'ultima lezione, 2001:</subfield>
    <subfield code="b">p. 4 of cover (Giacomo Pirazzoli, 1965)</subfield>
  </datafield>
</record>